@misc{ChassisW79:online,
author = {},
title = {Chassis - Wikipedia},
howpublished = {\url{https://nl.wikipedia.org/wiki/Chassis}},
month = {},
year = {},
note = {(Accessed on 03/19/2021)}
}