@misc{ChassisW79:online,
author = {},
title = {Chassis - Wikipedia},
howpublished = {\url{https://nl.wikipedia.org/wiki/Chassis}},
month = {},
year = {},
note = {(Accessed on 03/19/2021)}
}

%materialen 
%1) 
@misc{Breadboard full-size,
	author = {},
	title = {MCBB400 - Multicomp - Breadboard, Solderless, ABS (Acrylonitrile Butadiene Styrene)},
	howpublished = {\url{https://be.farnell.com/multicomp/mcbb400/breadboard-solderless-300v-abs/dp/2395961}},
	month = {},
	year = {},
	note = {(Accessed on 03/19/2021)}
}

%2) Breadboard tiny
@misc{MC00180452:online,
	author = {},
	title = {MC001804 - Multicomp - Breadboard, Yellow, 8.3 mm},
	howpublished = {\url{https://be.farnell.com/multicomp/mc001804/breadboard-34-5mm-x-45-5mm-yellow/dp/2770332}},
	month = {},
	year = {},
	note = {(Accessed on 03/19/2021)}
}

%3) Micro metal gear motor 100:1
@misc{Pololu1087:online,
	author = {},
	title = {Pololu - 100:1 Micro Metal Gearmotor LP 6V},
	howpublished = {\url{https://www.pololu.com/product/992/specs}},
	month = {},
	year = {},
	note = {(Accessed on 03/19/2021)}
}

%4) 